%% This BibTeX bibliography file was created using BibDesk.
%% http://bibdesk.sourceforge.net/


%% Created for Jérôme Tremblay at 2016-03-24 15:09:44 -0400 


%% Saved with string encoding Unicode (UTF-8) 



@article{Boas80,
	Author = {Peter van Emde Boas},
	Bibsource = {dblp computer science bibliography, http://dblp.org},
	Biburl = {http://dblp.uni-trier.de/rec/bib/journals/ipl/Boas80},
	Date-Added = {2016-03-24 19:09:17 +0000},
	Date-Modified = {2016-03-24 19:09:26 +0000},
	Doi = {10.1016/0020-0190(80)90064-2},
	Journal = {Inf. Process. Lett.},
	Number = {3},
	Pages = {132--136},
	Timestamp = {Thu, 07 Jul 2011 15:51:20 +0200},
	Title = {On the Omega(n log n) Lower Bound for Convex Hull and Maximal Vector Determination},
	Url = {http://dx.doi.org/10.1016/0020-0190(80)90064-2},
	Volume = {10},
	Year = {1980},
	Bdsk-Url-1 = {http://dx.doi.org/10.1016/0020-0190(80)90064-2}}

@article{Avis198281,
	Abstract = {An n log n lower bound is found for linear decision tree algorithms with integer inputs that either identify the convex hull of a set of points or compute its cardinality. },
	Author = {Davis Avis},
	Date-Added = {2016-03-24 19:02:58 +0000},
	Date-Modified = {2016-03-24 19:02:58 +0000},
	Doi = {http://dx.doi.org/10.1016/0166-218X(82)90065-8},
	Issn = {0166-218X},
	Journal = {Discrete Applied Mathematics},
	Number = {2},
	Pages = {81 - 86},
	Title = {On the complexity of finding the convex hull of a set of points},
	Url = {http://www.sciencedirect.com/science/article/pii/0166218X82900658},
	Volume = {4},
	Year = {1982},
	Bdsk-Url-1 = {http://www.sciencedirect.com/science/article/pii/0166218X82900658},
	Bdsk-Url-2 = {http://dx.doi.org/10.1016/0166-218X(82)90065-8}}

@book{fulton97,
	Author = {William Fulton},
	Date-Added = {2016-03-24 18:45:08 +0000},
	Date-Modified = {2016-03-24 18:45:52 +0000},
	Publisher = {Cambridge University Press},
	Title = {Young Tableaux: With Applications to Representation Theory and Geometry},
	Year = {1997}}

@article{Duval83,
	Abstract = {An efficient algorithm to obtain a factorization of words over an ordered alphabet known as Lyndon factorization is presented. Applications of this algorithm are given to the computation of the least suffix of a word and the least circular shift of a word. },
	Author = {Jean Pierre Duval},
	Date-Added = {2016-01-13 16:28:53 +0000},
	Date-Modified = {2016-01-13 16:29:02 +0000},
	Issn = {0196-6774},
	Journal = {Journal of Algorithms},
	Number = {4},
	Pages = {363 - 381},
	Title = {Factorizing words over an ordered alphabet},
	Volume = {4},
	Year = {1983},
	Bdsk-Url-1 = {http://www.sciencedirect.com/science/article/pii/0196677483900172},
	Bdsk-Url-2 = {http://dx.doi.org/10.1016/0196-6774(83)90017-2}}

@phdthesis{blondin12,
	Author = {Alexandre {Blondin~Mass\'e}},
	Date-Added = {2016-01-13 16:22:30 +0000},
	Date-Modified = {2016-01-13 18:35:59 +0000},
	Month = {F{\'e}vrier},
	School = {Universit\'e du Qu\'ebec \`a Montr\'eal},
	Title = {{{\`A}} l'intersection de la combinatoire des mots et de la g{{\'e}}om{{\'e}}trie discr{{\`e}}te: Palindromes, sym{{\'e}}tries et pavages},
	Type = {Th{\`e}se de doctorat},
	Year = {2012}}

@article{Chaudhuri98,
	Abstract = {The problems of defining convexity and circularity of a digital region are considered. A new definition of digital convexity, called DL- (digital line) convexity, is proposed. A region is DL-convex if, for any two pixels belonging to it, there exists a digital straight line between them all of whose pixels belong to the region. DL-convexity is shown to be stronger that two other definitions, T- (triangle) convexity and L- (line) convexity. A digital region is T-convex if it is DL-convex, but the converse is not generally true. This is because a DL-convex region must be connected, but T- and L-convex regions can be disconnected. An algorithm to compute the DL-convex hull of a digital region is described. A related problem, the computation of the circular hull and its application to testing the circularity of a digital region, is also considered, and an algorithm is given that is computationally cheaper than a previous algorithm for testing circularity. },
	Author = {B.B. Chaudhuri and A. Rosenfeld},
	Date-Added = {2016-01-12 21:14:01 +0000},
	Date-Modified = {2016-01-13 15:39:54 +0000},
	Issn = {0031-3203},
	Journal = {Pattern Recognition},
	Keywords = {Circular hull},
	Number = {12},
	Pages = {2007 - 2016},
	Title = {On the computation of the digital convex hull and circular hull of a digital region},
	Volume = {31},
	Year = {1998},
	Bdsk-Url-1 = {http://www.sciencedirect.com/science/article/pii/S003132039800065X},
	Bdsk-Url-2 = {http://dx.doi.org/10.1016/S0031-3203(98)00065-X}}

@article{Melkman87,
	Author = {Melkman, Avraham A.},
	Coden = {IFPLAT},
	Date-Added = {2016-01-12 20:56:24 +0000},
	Date-Modified = {2016-01-13 15:38:34 +0000},
	Fjournal = {Information Processing Letters},
	Issn = {0020-0190},
	Journal = {Inform. Process. Lett.},
	Mrclass = {68U05 (52-04 68P05 68Q20)},
	Mrnumber = {896397 (88f:68134)},
	Number = {1},
	Pages = {11--12},
	Title = {On-line construction of the convex hull of a simple polyline},
	Volume = {25},
	Year = {1987},
	Bdsk-Url-1 = {http://dx.doi.org/10.1016/0020-0190(87)90086-X}}

@article{McCallumAvis,
	Author = {McCallum, Duncan and Avis, David},
	Coden = {IPFLAT},
	Date-Added = {2016-01-12 20:55:16 +0000},
	Date-Modified = {2016-01-13 15:35:18 +0000},
	Fjournal = {Information Processing Letters},
	Issn = {0020-0190},
	Journal = {Information Processing Letters},
	Mrclass = {68C05},
	Mrnumber = {552534 (80k:68021)},
	Number = {5},
	Pages = {201--206},
	Title = {A linear algorithm for finding the convex hull of a simple polygon},
	Volume = {9},
	Year = {1979},
	Bdsk-Url-1 = {http://dx.doi.org/10.1016/0020-0190(79)90069-3}}

@article{Chan96,
	Abstract = {We present simple output-sensitive algorithms that construct the convex hull of a set ofn points in two or three dimensions in worst-case optimalO (n logh) time andO (n) space, whereh denotes the number of vertices of the convex hull.},
	Author = {Chan, T. M.},
	Date-Added = {2016-01-12 20:46:40 +0000},
	Date-Modified = {2016-01-13 15:40:50 +0000},
	Issn = {1432-0444},
	Journal = {Discrete \& Computational Geometry},
	Number = {4},
	Pages = {361--368},
	Title = {Optimal output-sensitive convex hull algorithms in two and three dimensions},
	Volume = {16},
	Year = {1996},
	Bdsk-Url-1 = {http://dx.doi.org/10.1007/BF02712873}}

@inproceedings{KimLee,
	Author = {Kim, M.A. and Lee, E.J. and Cho, H.G. and Park, K.J},
	Booktitle = {Proceedings of the Fifth International Conference in Central Europe in Computer Graphics and Visualization},
	Date-Added = {2016-01-12 20:40:21 +0000},
	Date-Modified = {2016-01-13 15:32:43 +0000},
	Pages = {212--221},
	Title = {A visualization technique for DNA walk plot using $k$-convex hull},
	Year = {1997}}

@article{Chrl1875,
	Author = {E. B. Christoffel},
	Date-Added = {2016-01-12 19:08:25 +0000},
	Date-Modified = {2016-01-12 19:17:05 +0000},
	Journal = {Annali di Matematica},
	Pages = {145-152},
	Title = {Observatio arithmetica},
	Volume = {6},
	Year = {1875}}

@article{Bresenham65,
	Acmid = {1663349},
	Address = {Riverton, NJ, USA},
	Author = {Bresenham, J. E.},
	Date-Added = {2016-01-12 19:05:32 +0000},
	Date-Modified = {2016-01-13 15:45:29 +0000},
	Issn = {0018-8670},
	Issue_Date = {March 1965},
	Journal = {IBM Syst. J.},
	Month = mar,
	Number = {1},
	Numpages = {6},
	Pages = {25--30},
	Publisher = {IBM Corp.},
	Title = {Algorithm for Computer Control of a Digital Plotter},
	Volume = {4},
	Year = {1965},
	Bdsk-Url-1 = {http://dx.doi.org/10.1147/sj.41.0025}}

@article{Rosenfeld69,
	Acmid = {356554},
	Address = {New York, NY, USA},
	Author = {Rosenfeld, Azriel},
	Date-Added = {2016-01-12 19:01:33 +0000},
	Date-Modified = {2016-01-13 15:35:46 +0000},
	Issn = {0360-0300},
	Issue_Date = {Sept. 1969},
	Journal = {ACM Comput. Surv.},
	Month = sep,
	Number = {3},
	Numpages = {30},
	Pages = {147--176},
	Publisher = {ACM},
	Title = {Picture Processing by Computer},
	Volume = {1},
	Year = {1969},
	Bdsk-Url-1 = {http://doi.acm.org/10.1145/356551.356554},
	Bdsk-Url-2 = {http://dx.doi.org/10.1145/356551.356554}}

@article{Lubensky79,
	Author = {T.C. Lubensky and Joel Isaacson},
	Date-Added = {2016-01-07 18:58:11 +0000},
	Date-Modified = {2016-01-07 18:59:31 +0000},
	Journal = {Physical Review A},
	Number = {5},
	Title = {Statistics of lattice animals and dilute branched polymers},
	Volume = {20},
	Year = {1979}}

@article{C3SM52805G,
	Abstract = {A Flory theory is constructed for a long polymer ring in a melt of unknotted and non-concatenated rings. The theory assumes that the ring forms an effective annealed branched object and computes its primitive path. It is shown that the primitive path follows self-avoiding statistics and is characterized by the corresponding Flory exponent of a polymer with excluded volume. Based on that{,} it is shown that rings in the melt are compact objects with overall size proportional to their length raised to the 1/3 power. Furthermore{,} the contact probability exponent [gamma]contact is estimated{,} albeit by a poorly controlled approximation{,} with the result close to 1.1 consistent with both numerical and experimental data.},
	Author = {Grosberg, Alexander Y.},
	Date-Added = {2016-01-07 18:49:24 +0000},
	Date-Modified = {2016-01-13 15:42:14 +0000},
	Issue = {4},
	Journal = {Soft Matter},
	Pages = {560-565},
	Publisher = {The Royal Society of Chemistry},
	Title = {Annealed lattice animal model and Flory theory for the melt of non-concatenated rings: towards the physics of crumpling},
	Volume = {10},
	Year = {2014},
	Bdsk-Url-1 = {http://dx.doi.org/10.1039/C3SM52805G}}

@book{gross87,
	Author = {Gross, J.L. and Tucker, T.W.},
	Date-Added = {2015-07-02 15:48:45 +0000},
	Date-Modified = {2016-01-13 15:41:52 +0000},
	Isbn = {9780486417417},
	Lccn = {87006221},
	Publisher = {Dover Publications},
	Series = {Dover Books on Mathematics Series},
	Title = {Topological Graph Theory},
	Year = {1987},
	Bdsk-Url-1 = {https://books.google.ca/books?id=mrv9OJVdy%5C_cC}}

@article{spitzer56,
	Author = {Spitzer, Frank},
	Copyright = {Copyright {\copyright} 1956 American Mathematical Society},
	Date-Added = {2015-07-01 19:45:01 +0000},
	Date-Modified = {2016-01-13 15:36:43 +0000},
	Issn = {00029947},
	Journal = {Transactions of the American Mathematical Society},
	Jstor_Articletype = {research-article},
	Jstor_Formatteddate = {Jul., 1956},
	Language = {English},
	Number = {2},
	Pages = {pp. 323-339},
	Publisher = {American Mathematical Society},
	Title = {A Combinatorial Lemma and Its Application to Probability Theory},
	Volume = {82},
	Year = {1956},
	Bdsk-Url-1 = {http://www.jstor.org/stable/1993051}}

@article{kim,
	Abstract = {A convex decomposition method, called the alternating sum of volumes (ASV) method, uses convex hulls and set-difference operations. \{ASV\} decomposition may not converge, which severely limits the domain of geometric objects that can be handled. Via the combination of \{ASV\} decomposition and remedial partitioning for the non-convergence, a convergent convex decomposition is proposed that is called the alternating sum of volumes with partitioning (ASVP) decomposition. The paper describes how \{ASVP\} decomposition is used for the recognition of form features. In this approach to form-feature recognition, volumetric form features which are intrinsic to the shape of a given object are recognized from the boundary information through \{ASVP\} decomposition. Moreover, hierarchical relationships between the recognized form features are obtained in addition to global spatial information. },
	Author = {Y.S. Kim},
	Date-Added = {2015-06-25 15:54:41 +0000},
	Date-Modified = {2016-01-13 15:34:13 +0000},
	Issn = {0010-4485},
	Journal = {Computer-Aided Design},
	Keywords = {geometric reasoning},
	Number = {9},
	Pages = {461 - 476},
	Title = {Recognition of form features using convex decomposition},
	Volume = {24},
	Year = {1992},
	Bdsk-Url-1 = {http://www.sciencedirect.com/science/article/pii/0010448592900278},
	Bdsk-Url-2 = {http://dx.doi.org/10.1016/0010-4485(92)90027-8}}

@article{Sherali199483,
	Author = {Hanif D. Sherali and Warren P. Adams},
	Date-Added = {2015-06-25 15:52:28 +0000},
	Date-Modified = {2016-01-13 15:36:21 +0000},
	Issn = {0166-218X},
	Journal = {Discrete Applied Mathematics},
	Keywords = {Disjunctive programming},
	Number = {1},
	Pages = {83 - 106},
	Title = {A hierarchy of relaxations and convex hull characterizations for mixed-integer zero---one programming problems},
	Volume = {52},
	Year = {1994},
	Bdsk-Url-1 = {http://www.sciencedirect.com/science/article/pii/0166218X9200190W},
	Bdsk-Url-2 = {http://dx.doi.org/10.1016/0166-218X(92)00190-W}}

@book{Gruber,
	Author = {Peter M. {Gruber}},
	Date-Added = {2015-06-25 15:45:01 +0000},
	Date-Modified = {2016-01-13 15:44:32 +0000},
	Isbn = {978-3-540-71132-2/hbk},
	Language = {English},
	Msc2010 = {52-02 52A40 52A27 52B20},
	Pages = {xiv + 578},
	Publisher = {Berlin: Springer},
	Title = {Convex and discrete geometry},
	Year = {2007},
	Zbl = {1139.52001},
	Bdsk-Url-1 = {http://dx.doi.org/10.1007/978-3-540-71133-9}}

@article{Graham1972132,
	Author = {R.L. Graham},
	Date-Added = {2015-06-25 15:31:25 +0000},
	Date-Modified = {2016-01-13 15:41:32 +0000},
	Issn = {0020-0190},
	Journal = {Information Processing Letters},
	Number = {4},
	Pages = {132 - 133},
	Title = {An efficient algorith for determining the convex hull of a finite planar set},
	Volume = {1},
	Year = {1972},
	Bdsk-File-1 = {YnBsaXN0MDDUAQIDBAUGJCVYJHZlcnNpb25YJG9iamVjdHNZJGFyY2hpdmVyVCR0b3ASAAGGoKgHCBMUFRYaIVUkbnVsbNMJCgsMDxJXTlMua2V5c1pOUy5vYmplY3RzViRjbGFzc6INDoACgAOiEBGABIAFgAdccmVsYXRpdmVQYXRoWWFsaWFzRGF0YV8QHC4uLy4uLy5UcmFzaC9zY2llbmNlICgzKS5iaWLSFwsYGVdOUy5kYXRhTxEBegAAAAABegACAAAMTWFjaW50b3NoIEhEAAAAAAAAAAAAAAAAAAAAzwvalkgrAAABbh0VD3NjaWVuY2UgKDMpLmJpYgAAAAAAAAAAAAAAAAAAAAAAAAAAAAAAAAAAAAAAAAAAAAAAAAAAAAAAAAAAAAAAAAHaJq7RsZw7AAAAAAAAAAAAAgACAAAJIAAAAAAAAAAAAAAAAAAAAAYuVHJhc2gAEAAIAADPDCDmAAAAEQAIAADRsdR7AAAAAQAMAW4dFQAGIJ4AAmRTAAIAM01hY2ludG9zaCBIRDpVc2VyczoAamVyb21lOgAuVHJhc2g6AHNjaWVuY2UgKDMpLmJpYgAADgAgAA8AcwBjAGkAZQBuAGMAZQAgACgAMwApAC4AYgBpAGIADwAaAAwATQBhAGMAaQBuAHQAbwBzAGgAIABIAEQAEgAjVXNlcnMvamVyb21lLy5UcmFzaC9zY2llbmNlICgzKS5iaWIAABMAAS8AABUAAgAN//8AAIAG0hscHR5aJGNsYXNzbmFtZVgkY2xhc3Nlc11OU011dGFibGVEYXRhox0fIFZOU0RhdGFYTlNPYmplY3TSGxwiI1xOU0RpY3Rpb25hcnmiIiBfEA9OU0tleWVkQXJjaGl2ZXLRJidUcm9vdIABAAgAEQAaACMALQAyADcAQABGAE0AVQBgAGcAagBsAG4AcQBzAHUAdwCEAI4ArQCyALoCOAI6Aj8CSgJTAmECZQJsAnUCegKHAooCnAKfAqQAAAAAAAACAQAAAAAAAAAoAAAAAAAAAAAAAAAAAAACpg==},
	Bdsk-Url-1 = {http://www.sciencedirect.com/science/article/pii/0020019072900452},
	Bdsk-Url-2 = {http://dx.doi.org/10.1016/0020-0190(72)90045-2}}

@misc{alexis,
	Author = {A. Monnerot-Dumaine},
	Date-Added = {2015-05-07 14:10:46 +0000},
	Date-Modified = {2015-05-07 14:10:46 +0000},
	Note = {published electronically at http://hal.archives-ouvertes.fr/hal-00367972/fr/},
	Title = {The {F}ibonacci word fractal},
	Year = {2009}}

@inproceedings{bbgl09,
	Author = {A. {B}londin~Mass{\'e} and S. {B}rlek and A. {G}aron and S. Labb{\'e}},
	Booktitle = {DGCI 2009, 15th IAPR Int. Conf. on Discrete Geometry for Computer Imagery},
	Date-Added = {2015-05-07 14:10:46 +0000},
	Date-Modified = {2015-05-07 14:10:46 +0000},
	Editor = {S. Brlek and X. Proven\c{c}al and C. Reutenauer},
	Note = {to appear},
	Publisher = {Springer-Verlag},
	Series = {LNCS},
	Title = {{C}hristoffel and {F}ibonacci Tiles},
	Year = {2009}}

@article{bblm,
	Author = {A. {B}londin~Mass{\'e} and {S}. Brlek and S. Labb{\'e} and M. Mend\`es France},
	Date-Added = {2015-05-07 14:10:46 +0000},
	Date-Modified = {2015-05-07 14:10:46 +0000},
	Journal = {Ann. Sci. Math. Qu\'ebec},
	Note = {to appear},
	Title = {Fibonacci snowflakes},
	Volume = {35},
	Year = {2011}}

@article{BFRV06,
	Author = {Srecko Brlek and Andrea Frosini and Simone Rinaldi and Laurent Vuillon},
	Bibsource = {DBLP, http://dblp.uni-trier.de},
	Date-Added = {2015-05-07 14:10:46 +0000},
	Date-Modified = {2015-05-07 14:10:46 +0000},
	Ee = {http://www.combinatorics.org/Volume_13/Abstracts/v13i1r15.html},
	Journal = {Electr. J. Comb.},
	Number = {1},
	Title = {Tilings by Translation: Enumeration by a Rational Language Approach},
	Volume = {13},
	Year = {2006}}

@article{bll3,
	Author = {S. Brlek and G. Labelle and A. Lacasse},
	Date-Added = {2015-05-07 14:10:46 +0000},
	Date-Modified = {2015-05-07 14:10:46 +0000},
	Journal = {Int. J. Found. Comput. Sci.},
	Number = {3},
	Pages = {543--556},
	Title = {Properties of the Contour Path of Discrete Sets},
	Volume = {17},
	Year = 2006}

@article{BLPR00,
	Author = {E. Barcucci and A. Del Lungo and E. Pergola and R. Pinzani},
	Date-Added = {2015-05-07 14:10:46 +0000},
	Date-Modified = {2015-05-07 14:16:07 +0000},
	Journal = {Discrete Math.},
	Pages = {33--49},
	Title = {From {M}otzkin to {C}atalan Permutations},
	Volume = {217},
	Year = {2000)}}

@article{borelreut,
	Author = {J.-P. Borel and C. Reutenauer},
	Date-Added = {2015-05-07 14:10:46 +0000},
	Date-Modified = {2015-05-07 14:10:46 +0000},
	Journal = {RAIRO-Theoretical Informatics and Applications},
	Pages = {15--28},
	Title = {On Christoffel classes},
	Volume = {40},
	Year = 2006}

@inproceedings{bp,
	Address = {Prague, Czech Republic},
	Author = {Sre{\v{c}}ko Brlek and Xavier Proven{\c{c}}al},
	Bibsource = {http://www.stringology.org/event/2006/psc06p08.bib},
	Booktitle = {Proceedings of the Prague Stringology Conference~'06},
	Date-Added = {2015-05-07 14:10:46 +0000},
	Date-Modified = {2015-05-07 14:10:46 +0000},
	Editor = {Jan Holub and Jan {\v{Z}}{\v{d}}{\'{a}}rek},
	Month = {28--30~} # aug,
	Pages = {65--76},
	Publisher = {Czech Technical University in Prague},
	Series = {ISBN80-01-03533-6},
	Title = {On the problem of deciding if a polyomino tiles the plane by translation},
	Year = 2006}

@inproceedings{bpdgci,
	Author = {Sre\v{c}ko {B}rlek and Xavier Proven\c{c}al},
	Booktitle = {Discrete Geometry for Computer Imagery, 13th International Conference, DGCI 2006, Szeged, Hungary, October 25-27, 2006, Proceedings},
	Date-Added = {2015-05-07 14:10:46 +0000},
	Date-Modified = {2015-05-07 14:10:46 +0000},
	Editor = {Attila Kuba and L{\'a}szl{\'o} G. Ny{\'u}l and K{\'a}lm{\'a}n Pal{\'a}gyi},
	Pages = {403--412},
	Publisher = {Springer},
	Series = {Lecture Notes in Computer Science},
	Title = {An Optimal Algorithm for Detecting Pseudo-squares.},
	Volume = {4245},
	Year = {2006}}

@article{bpfDAM,
	Author = {Sre\v{c}ko {B}rlek and Xavier Proven\c{c}al and Jean-Marc F\'edou},
	Date-Added = {2015-05-07 14:10:46 +0000},
	Date-Modified = {2015-05-07 14:10:46 +0000},
	Journal = {Discrete Applied Mathematics},
	Number = {3},
	Pages = {464--475},
	Title = {On the tiling by translation problem},
	Volume = {157},
	Year = {2009}}

@article{brs,
	Author = {Y. Bugeaud and C. Reutenauer and S. Siksek},
	Date-Added = {2015-05-07 14:10:46 +0000},
	Date-Modified = {2015-05-07 14:10:46 +0000},
	Journal = {Theor. Comput. Sci.},
	Number = {30-32},
	Pages = {2864--2869},
	Title = {A Sturmian sequence related to the uniqueness conjecture for Markoff numbers},
	Volume = {410},
	Year = {2009}}

@article{cauchy,
	Author = {A.-L. Cauchy},
	Date-Added = {2015-05-07 14:10:46 +0000},
	Date-Modified = {2015-05-07 14:10:46 +0000},
	Journal = {M\'em. Acad. Sci.},
	Pages = {3--15},
	Title = {M\'emoire sur la rectification des courbes et la quadrature des surfaces courbes},
	Volume = {22},
	Year = {1850}}

@mastersthesis{Cloutier,
	Address = {Trois-Rivi\`eres},
	Author = {Hugo Cloutier},
	Date-Added = {2015-05-07 14:10:46 +0000},
	Date-Modified = {2015-05-07 14:10:46 +0000},
	School = {Universit\'{e} du Qu\'{e}bec \`{a} Trois-Rivi\`{e}res},
	Title = {{\'{E}num\'{e}ration de polyominos \`{a} deux et \`{a} trois dimensions}},
	Year = {2010}}

@article{crofton,
	Author = {M. W. Crofton},
	Date-Added = {2015-05-07 14:10:46 +0000},
	Date-Modified = {2015-05-07 14:10:46 +0000},
	Journal = {Phil. Trans. of the royal soc. London},
	Pages = {181--199},
	Title = {On the theory of local probability, applied to straight lines drawn at random in a plane; the methods used being also extended to the proof of certain new theorems in the integral calculus},
	Volume = {158},
	Year = {1868}}

@article{dbintr70,
	Author = {D. H. Redelmeier},
	Date-Added = {2015-05-07 14:10:46 +0000},
	Date-Modified = {2015-05-07 14:10:46 +0000},
	Journal = {Disc. Math.},
	Pages = {191--203},
	Title = {Counting polyominoes: yet another attack},
	Volume = {36},
	Year = 1981}

@article{EggeMansour,
	Author = {E. S. Egge and T. Mansour},
	Date-Added = {2015-05-07 14:10:46 +0000},
	Date-Modified = {2015-05-07 14:10:46 +0000},
	Journal = {Discrete Applied Mathematics},
	Number = {1-3},
	Pages = {72--83},
	Title = {132-avoiding two-stack sortable permutations, {F}ibonacci numbers, and {P}ell numbers},
	Volume = {143},
	Year = {2004}}

@book{EIS,
	Address = {San Diego},
	Author = {Neil J. A. Sloane and Simon Plouffe},
	Date-Added = {2015-05-07 14:10:46 +0000},
	Date-Modified = {2015-05-07 14:10:46 +0000},
	Publisher = {Academic Press},
	Title = {The encyclopedia of integer sequences},
	Year = {1995}}

@article{frobenius,
	Author = {G.F. Frobenius},
	Date-Added = {2015-05-07 14:10:46 +0000},
	Date-Modified = {2015-05-07 14:10:46 +0000},
	Journal = {Sitzungsberichte der K{\"o}niglich {P}reussischen {A}kademie der {W}issenschaften zu {B}erlin},
	Pages = {458--487},
	Title = {{\"U}ber die {M}arkoffsche {Z}ahlen},
	Year = 1913}

@article{Ga,
	Author = {M. Gardner},
	Date-Added = {2015-05-07 14:10:46 +0000},
	Date-Modified = {2015-05-07 14:10:46 +0000},
	Journal = {Scientific American},
	Pages = {Sept. 182--192, Nov. 136--142},
	Title = {Mathematical games},
	Year = 1958}

@article{GCN10,
	Author = {Alain Goupil and Hugo Cloutier and Fathallah Nouboud},
	Bibsource = {DBLP, http://dblp.uni-trier.de},
	Date-Added = {2015-05-07 14:10:46 +0000},
	Date-Modified = {2015-05-07 14:10:46 +0000},
	Ee = {http://dx.doi.org/10.1016/j.dam.2010.08.011},
	Journal = {Discrete Applied Mathematics},
	Number = {18},
	Pages = {2014-2023},
	Title = {Enumeration of polyominoes inscribed in a rectangle},
	Volume = {158},
	Year = {2010}}

@webpage{gogame,
	Date-Added = {2015-05-07 14:10:46 +0000},
	Date-Modified = {2015-05-07 14:20:34 +0000},
	Lastchecked = {Thursday, May 7, 2015},
	Title = {Go (game) - Wikipedia, the free encyclopedia},
	Url = {http://en.wikipedia.org/wiki/Go_(game)},
	Year = 2015,
	Bdsk-Url-1 = {http://en.wikipedia.org/wiki/Go_(game)}}

@book{Golomb,
	Address = {Princeton},
	Author = {S. W. Golomb},
	Date-Added = {2015-05-07 14:10:46 +0000},
	Date-Modified = {2015-05-07 14:10:46 +0000},
	Publisher = {Princeton Academic Press},
	Title = {Polyominoes: Puzzles, Patterns, Problems, and Packings},
	Year = 1996}

@article{gv,
	Author = {I. Gambini and L. Vuillon},
	Date-Added = {2015-05-07 14:10:46 +0000},
	Date-Modified = {2015-05-07 14:10:46 +0000},
	Journal = {Theoret. Informatics Appl.},
	Pages = {147--155},
	Title = {An algorithm for deciding if a polyomino tiles the plane by translations},
	Volume = {41},
	Year = 2007}

@article{Jen,
	Author = {Iwan Jensen},
	Date-Added = {2015-05-07 14:10:46 +0000},
	Date-Modified = {2015-05-07 14:10:46 +0000},
	Issues = {3-4},
	Journal = {J. Stat. Mechanics},
	Pages = {865--881},
	Title = {Enumerations of Lattice Animals and Trees},
	Volume = {102},
	Year = 2001}

@article{JenGutt,
	Author = {{Jensen}, I. and {Guttmann}, A.~J.},
	Date-Added = {2015-05-07 14:10:46 +0000},
	Date-Modified = {2015-05-07 14:10:46 +0000},
	Journal = {Journal of Physics},
	Month = jul,
	Pages = {L257-L263},
	Title = {{Statistics of lattice animals (polyominoes) and polygons}},
	Volume = 33,
	Year = 2000}

@techreport{KlarnerRivest,
	Address = {Stanford, CA, USA},
	Author = {Klarner, David A. and Rivest, Ronald L.},
	Date-Added = {2015-05-07 14:10:46 +0000},
	Date-Modified = {2015-05-07 14:10:46 +0000},
	Publisher = {Stanford University},
	Source = {http://www.ncstrl.org:8900/ncstrl/servlet/search?formname=detail\&id=oai%3Ancstrlh%3Astan%3ASTAN%2F%2FCS-TR-72-263},
	Title = {A procedure for improving the upper bound for the number of n-ominoes.},
	Year = {1972}}

@book{lcf,
	Address = {Cambridge},
	Author = {M. Lothaire},
	Date-Added = {2015-05-07 14:10:46 +0000},
	Date-Modified = {2015-05-07 14:10:46 +0000},
	Publisher = {Cambridge University Press},
	Title = {Applied Combinatorics on Words},
	Year = 2005}

@book{Loth,
	Address = {Cambridge},
	Author = {M. Lothaire},
	Date-Added = {2015-05-07 14:10:46 +0000},
	Date-Modified = {2015-05-07 14:10:46 +0000},
	Publisher = {Cambridge University Press},
	Title = {Combinatorics on Words},
	Year = 1997}

@article{MBM03,
	Author = {M. Bousquet-M{\'e}lou and A. Rechnitzer},
	Date-Added = {2015-05-07 14:10:46 +0000},
	Date-Modified = {2015-05-07 14:10:46 +0000},
	Journal = {Advances in Applied Mathematics},
	Number = {1},
	Pages = {86--112},
	Title = {The Site Perimeter of Bargraphs},
	Volume = {31},
	Year = {2003}}

@article{MBM94,
	Author = {Mireille Bousquet-M{\'e}lou},
	Bibsource = {DBLP, http://dblp.uni-trier.de},
	Date-Added = {2015-05-07 14:10:46 +0000},
	Date-Modified = {2015-05-07 14:10:46 +0000},
	Ee = {http://dx.doi.org/10.1016/0166-218X(92)00103-S},
	Journal = {Discrete Applied Mathematics},
	Number = {1},
	Pages = {21--43},
	Title = {Codage des polyominos convexes et {\'e}quations pour l'{\'e}num{\'e}ration suivant l'aire},
	Volume = {48},
	Year = {1994}}

@article{MBM96,
	Author = {Mireille Bousquet-M{\'e}lou},
	Bibsource = {DBLP, http://dblp.uni-trier.de},
	Date-Added = {2015-05-07 14:10:46 +0000},
	Date-Modified = {2015-05-07 14:10:46 +0000},
	Ee = {http://dx.doi.org/10.1016/0012-365X(95)00003-F},
	Journal = {Discrete Mathematics},
	Number = {1-3},
	Pages = {1--25},
	Title = {A method for the enumeration of various classes of column-convex polygons},
	Volume = {154},
	Year = {1996}}

@article{MBM98,
	Author = {Mireille Bousquet-M{\'e}lou},
	Bibsource = {DBLP, http://dblp.uni-trier.de},
	Date-Added = {2015-05-07 14:10:46 +0000},
	Date-Modified = {2015-05-07 14:10:46 +0000},
	Ee = {http://dx.doi.org/10.1016/S0012-365X(97)00109-X},
	Journal = {Discrete Mathematics},
	Number = {1-3},
	Pages = {73--106},
	Title = {New enumerative results on two-dimensional directed animals},
	Volume = {180},
	Year = {1998}}

@inproceedings{Mmf,
	Author = {M. Mend\`es France},
	Booktitle = {in Fractal Geometry and Analysis},
	Date-Added = {2015-05-07 14:10:46 +0000},
	Date-Modified = {2015-05-07 14:10:46 +0000},
	Editor = {J. B\'elair and S. Dubuc},
	Pages = {325--366},
	Publisher = {Kluwer Academic Publishers},
	Title = {The {P}lanck constant of a curve},
	Volume = {346},
	Year = 1991}

@article{My,
	Author = {Joseph Samuel Myers},
	Date-Added = {2015-05-07 14:10:46 +0000},
	Date-Modified = {2015-05-07 14:10:46 +0000},
	Journal = {available electronically at http://www.srcf.ucam.org/$\sim$jsm28/tiling},
	Title = {Polyomino tiling},
	Year = 2006}

@misc{OEIS,
	Author = {N. J. A. Sloane},
	Date-Added = {2015-05-07 14:10:46 +0000},
	Date-Modified = {2015-05-07 14:10:46 +0000},
	Note = {published electronically at http://www.research.att.com/?njas/sequences},
	Title = {The On-Line Encyclopedia of Integer Sequences},
	Year = 2011}

@misc{oeisA001168,
	Author = {N. J. A. Sloane},
	Date-Added = {2015-05-07 14:10:46 +0000},
	Date-Modified = {2016-01-13 15:37:59 +0000},
	Howpublished = {\href{http://oeis.org/A001168}},
	Note = {Number of fixed polyominoes with n cells.},
	Title = {The {O}n-{L}ine {E}ncyclopedia of {I}nteger {S}equences},
	Year = {2005}}

@misc{oeisA057730,
	Author = {N. J. A. Sloane},
	Date-Added = {2015-05-07 14:10:46 +0000},
	Date-Modified = {2015-06-25 17:22:20 +0000},
	Howpublished = {\href{}{A057730}},
	Month = {10},
	Note = {Number of polyominoes (A000105) with perimeter 2n.},
	Title = {The {O}n-{L}ine {E}ncyclopedia of {I}nteger {S}equences},
	Year = {2000}}

@article{pirillo1,
	Author = {G. Pirillo},
	Date-Added = {2015-05-07 14:10:46 +0000},
	Date-Modified = {2015-05-07 14:10:46 +0000},
	Journal = {S\'em. Lothar. Combin.},
	Pages = {1--3},
	Title = {A new characteristic property of the palindrome of standard Sturmian word},
	Volume = {43},
	Year = 1999}

@inproceedings{pirillo2,
	Address = {Montreal, Canada},
	Author = {G. Pirillo},
	Booktitle = {Proc.~Words2005, 5-th International Conference on Words},
	Date-Added = {2015-05-07 14:10:46 +0000},
	Date-Modified = {2015-05-07 14:10:46 +0000},
	Editor = {S. Brlek and C. Reutenauer},
	Month = {13--17~} # sep,
	Pages = {289--294},
	Publisher = {Publications du LaCIM},
	Title = {A note on the number of distinct squares in a word},
	Volume = 36,
	Year = 2005}

@article{pol,
	Author = {G. P\'olya},
	Date-Added = {2015-05-07 14:10:46 +0000},
	Date-Modified = {2015-05-07 14:10:46 +0000},
	Journal = {J. Combinatorial Theory},
	Pages = {102--105},
	Title = {On the number of certain lattice polygons},
	Volume = {6},
	Year = 1969}

@manual{ppss,
	Author = {Louwrentius},
	Date-Added = {2015-05-07 14:10:46 +0000},
	Date-Modified = {2015-05-07 14:10:46 +0000},
	Key = {ppss},
	Note = {{\tt http://code.google.com/p/ppss}},
	Title = {$|$P$|$P$|$S$|$S$|$ - (Distributed) Parallel Processing Shell Script},
	Year = {2011}}

@book{PrusLind,
	Address = {New York, NY, USA},
	Author = {Prusinkiewicz,, P. and Lindenmayer,, Aristid},
	Date-Added = {2015-05-07 14:10:46 +0000},
	Date-Modified = {2015-05-07 14:10:46 +0000},
	Isbn = {0-387-97297-8},
	Publisher = {Springer-Verlag New York, Inc.},
	Title = {The algorithmic beauty of plants},
	Year = {1990}}

@misc{Putnam1999,
	Author = {M. Bhargava and K. Kedlaya and L. Ng},
	Date-Added = {2015-05-07 14:10:46 +0000},
	Date-Modified = {2015-05-07 14:10:46 +0000},
	Note = {published electronically at http://www.unl.edu/amc/a-activities/a7-problems/putnam/-pdf/1999s.pdf},
	Title = {Solutions to the 60th {W}illiam {L}owell {P}utnam Mathematical Competition},
	Year = 1999}

@article{Red,
	Author = {D. Hugh Redelmeier},
	Date-Added = {2015-05-07 14:10:46 +0000},
	Date-Modified = {2015-05-07 14:10:46 +0000},
	Journal = {Discrete Mathematics},
	Pages = {191--203},
	Title = {Counting polyominoes: yet another attack},
	Volume = {36},
	Year = 1981}

@article{reut1,
	Author = {C. Reutenauer},
	Date-Added = {2015-05-07 14:10:46 +0000},
	Date-Modified = {2015-05-07 14:10:46 +0000},
	Journal = {Integers},
	Number = {3},
	Pages = {327--332},
	Title = {Christoffel Words and Markoff Triples},
	Volume = {9},
	Year = 2009}

@book{Ribenboim04,
	Address = {New York},
	Author = {P. Ribenboim},
	Date-Added = {2015-05-07 14:10:46 +0000},
	Date-Modified = {2015-05-07 14:10:46 +0000},
	Isbn = {0-387-97508-X},
	Pages = {viii+237},
	Publisher = {Springer-Verlag},
	Title = {The little book of bigger primes, 2nd ed.},
	Year = {2004}}

@book{Ribenboim96,
	Address = {New York},
	Author = {P. Ribenboim},
	Date-Added = {2015-05-07 14:10:46 +0000},
	Date-Modified = {2015-05-07 14:10:46 +0000},
	Publisher = {Springer},
	Title = {The New Book of Prime Number Records},
	Year = 1996}

@book{RozSal,
	Address = {Orlando, FL, USA},
	Author = {Rozenberg,, Grzegorz and Salomaa,, Arto},
	Date-Added = {2015-05-07 14:10:46 +0000},
	Date-Modified = {2015-05-07 14:10:46 +0000},
	Isbn = {0125971400},
	Publisher = {Academic Press, Inc.},
	Title = {Mathematical Theory of L Systems},
	Year = {1980}}

@book{RozSal2,
	Address = {Secaucus, NJ, USA},
	Date-Added = {2015-05-07 14:10:46 +0000},
	Date-Modified = {2015-05-07 14:10:46 +0000},
	Editor = {Rozenberg,, Grzegorz and Salomaa,, Arto},
	Isbn = {0387553207},
	Publisher = {Springer-Verlag New York, Inc.},
	Title = {Lindenmayer Systems: Impacts on Theoretical Computer Science, Computer Graphics, and Developmental Biology},
	Year = {2001}}

@manual{sage,
	Author = {W.\thinspace{}A. Stein and others},
	Date-Added = {2015-05-07 14:10:46 +0000},
	Date-Modified = {2015-05-07 14:10:46 +0000},
	Key = {Sage},
	Note = {{\tt http://www.sagemath.org}},
	Organization = {The Sage Development Team},
	Title = {{S}age {M}athematics {S}oftware ({V}ersion 4.6.2)},
	Year = {2011}}

@article{Sieben08,
	Author = {N\'andor Sieben},
	Date-Added = {2015-05-07 14:10:46 +0000},
	Date-Modified = {2015-05-07 14:10:46 +0000},
	Journal = {European Journal of Combinatorics},
	Number = {1},
	Pages = {108--117},
	Title = {Polyominoes with minimum site-perimeter and full set achievement games},
	Volume = {29},
	Year = {2008}}

@book{stan,
	Address = {Cambridge},
	Author = {R. P. Stanley},
	Date-Added = {2015-05-07 14:10:46 +0000},
	Date-Modified = {2015-05-07 14:10:46 +0000},
	Publisher = {Cambridge University Press},
	Title = {Enumerative Combinatorics},
	Year = {1999}}

@article{steinhaus,
	Author = {H. Steinhaus},
	Date-Added = {2015-05-07 14:10:46 +0000},
	Date-Modified = {2015-05-07 14:10:46 +0000},
	Journal = {Colloq. Math.},
	Pages = {1--13},
	Title = {Length, shape and area},
	Volume = {3},
	Year = {1954}}

@webpage{tos10,
	Date-Added = {2015-05-07 14:10:46 +0000},
	Date-Modified = {2015-05-07 14:10:46 +0000},
	Lastchecked = {Wednesday, June 8, 2011},
	Title = {Animal enumerations on the {4,4} Euclidean tiling},
	Url = {http://www.ieeta.pt/~tos/animals/a44.html},
	Bdsk-Url-1 = {http://www.ieeta.pt/~tos/animals/a44.html}}

@inproceedings{Vi,
	Author = {X. G. Viennot},
	Booktitle = {S\'eries formelles et combinatoires alg\'ebrique, 4th International Conference, Montr\'eal, June 15-19, 1992},
	Date-Added = {2015-05-07 14:10:46 +0000},
	Date-Modified = {2015-05-07 14:10:46 +0000},
	Editor = {P.~Leroux and C.~Reutenauer},
	Pages = {399--420},
	Publisher = {Springer},
	Series = {Publications du LACIM},
	Title = {A Survey of Polyomino enumeration},
	Volume = {11},
	Year = {1992}}

@inproceedings{Aberkane,
	Author = {Ali Aberkane and Sre\v{c}ko Brlek},
	Booktitle = {Actes des Journ{\'e}es Montoises d'Informatique Th{\'e}orique},
	Pages = {85-89},
	Title = {Suites de m{\^e}me complexit{\'e} que celle de Thue-Morse},
	Year = {2002}}

@electronic{Akalin,
	Author = {Fred Akalin.},
	Howpublished = {Website},
	Language = {English},
	Month = {November},
	Title = {Finding the Longest Palindromic Substring in Linear Time},
	Url = {http://www.akalin.cx/longest-palindrome-linear-time},
	Year = {2007},
	Bdsk-Url-1 = {http://www.akalin.cx/longest-palindrome-linear-time}}

@article{Al,
	Author = {{Allouche}, J.-P.},
	Journal = {Journal of Mathematical Physics},
	Month = apr,
	Pages = {1843-1848},
	Title = {{Schr{\"o}dinger operators with Rudin-Shapiro potentials are not palindromic}},
	Volume = {38},
	Year = {1997}}

@article{abcd,
	Author = {Jean-Paul Allouche and Michael Baake and Julien Cassaigne and David Damanik},
	Journal = {Theoretical Computer Science},
	Number = {1},
	Pages = {9-31},
	Title = {Palindrome complexity},
	Volume = {292},
	Year = {2003}}

@article{AlSh,
	Author = {Jean-Paul Allouche and Jeffrey Shallit},
	Journal = {Discrete Mathematics {\&} Theoretical Computer Science},
	Number = {1},
	Pages = {1-10},
	Title = {Sums of Digits, Overlaps, and Palindromes},
	Volume = {4},
	Year = {2000}}

@book{AlShLivre,
	Author = {Allouche, Jean-Paul and Shallit, Jeffrey},
	Pages = {571},
	Publisher = {Cambridge University Press},
	Subtitle = {Theory, applications, generalizations},
	Title = {Automatic sequences},
	Year = {2003}}

@article{Ba,
	Author = {Baake, Michael},
	Doi = {10.1023/A:1007678316583},
	Journal = {Letters in Mathematical Physics},
	Language = {English},
	Number = {3},
	Pages = {217-227},
	Publisher = {Kluwer Academic Publishers},
	Title = {A Note on Palindromicity},
	Volume = {49},
	Year = {1999},
	Bdsk-Url-1 = {http://dx.doi.org/10.1023/A:1007678316583}}

@article{BaMBM,
	Author = {Axel Bacher and Mireille Bousquet-M{\'e}lou},
	Doi = {http://dx.doi.org/10.1016/j.jcta.2011.06.001},
	Issn = {0097-3165},
	Journal = {Journal of Combinatorial Theory, Series A},
	Keywords = {Enumeration},
	Number = {8},
	Pages = {2365 - 2391},
	Title = {Weakly directed self-avoiding walks},
	Url = {http://www.sciencedirect.com/science/article/pii/S0097316511001002},
	Volume = {118},
	Year = {2011},
	Bdsk-Url-1 = {http://www.sciencedirect.com/science/article/pii/S0097316511001002},
	Bdsk-Url-2 = {http://dx.doi.org/10.1016/j.jcta.2011.06.001}}

@article{BaMaPe,
	Author = {Peter Bal\'a\v{z}i and Zuzana Mas\'akov\'a and Edita Pelantov\'{a}.},
	Comment = {Preuve que Tn est positif; Tnpos},
	Journal = {Theoretical Computer Science},
	Month = {Juin},
	Number = {3},
	Pages = {266-275},
	Title = {Factor versus palindromic complexity of uniformly recurrent infinite words},
	Volume = {380},
	Year = {2007}}

@article{PrBrRe,
	Author = {L'ubom\'ira Balkov\'{a} and Edita Pelantov\'{a} and \v{S}t\v{e}p\'an Starosta.},
	Journal = {Theoretical Computer Science},
	Pages = {120-125},
	Title = {Proof of the {B}rlek-{R}eutenauer conjecture},
	Volume = {475},
	Year = {2013}}

@article{CorrigOnBrRe,
	Author = {L'ubom\'ira Balkov\'{a} and Edita Pelantov\'{a} and \v{S}t\v{e}p\'an Starosta.},
	Journal = {Theoretical Computer Science},
	Month = {Septembre},
	Number = {41},
	Pages = {5649-5655},
	Title = {Corrigendum : On {B}rlek-{R}eutenauer Conjecture.},
	Volume = {412},
	Year = {2011}}

@article{OnBrRe,
	Author = {L'ubom\'ira Balkov\'{a} and Edita Pelantov\'{a} and \v{S}t\v{e}p\'an Starosta.},
	Journal = {Theoretical Computer Science},
	Number = {41},
	Pages = {5649-5655},
	Title = {On {B}rlek-{R}eutenauer Conjecture},
	Volume = {412},
	Year = {2011}}

@article{Basic,
	Author = {Bojan Ba\v{s}ic},
	Journal = {European Journal of Combinatorics},
	Pages = {1028-1039},
	Title = {On highly potential words},
	Volume = {34},
	Year = {2013}}

@article{BN,
	Author = {Dani\`{e}le Beauquier and Maurice Nivat},
	Journal = {Discrete Computational Geometry},
	Pages = {575--592},
	Title = {On Translating one Polyomino to Tile the Plane},
	Volume = {6},
	Year = {1991}}

@article{Be,
	Author = {R. Berger},
	Journal = {Mem. Amer. Math. Soc.},
	Pages = {1--72},
	Title = {The undecidability of the domino problem},
	Volume = {66},
	Year = {1966}}

@book{BLRS,
	Author = {Berstel, Jean and Lauve, Aaron and Reutenauer, Christophe and Saliola, Franco V.},
	Isbn = {978-0-8218-4480-9},
	Pages = {xii+147},
	Publisher = {American Mathematical Society},
	Series = {CRM Monograph Series},
	Title = {Combinatorics on words},
	Volume = {27},
	Year = {2009}}

@book{Berstel,
	Author = {Berstel, Jean},
	Publisher = {LaCIM},
	Series = {Publications du LaCIM},
	Title = {Axel Thue's papers on repetitions in words: a translation},
	Volume = {20},
	Year = {1995}}

@article{BePe,
	Author = {Berstel, Jean and Perrin, Dominique},
	Fjournal = {European J. Combin.},
	Journal = {European Journal of Combinatorics},
	Number = {3},
	Pages = {996--1022},
	Title = {The origins of combinatorics on words},
	Volume = {28},
	Year = {2007}}

@article{BV,
	Author = {Berth{\'e}, Val{\'e}rie and Vuillon, Laurent},
	Journal = {Discrete Mathematics},
	Number = {1-3},
	Pages = {27--53},
	Title = {Tilings and rotations on the torus: a two-dimensional generalization of {S}turmian sequences},
	Volume = {223},
	Year = {2000}}

@book{cant,
	Editor = {Berth{\'e}, Val{\'e}rie and Rigo, Michel},
	Pages = {xx+615},
	Publisher = {Cambridge University Press, Cambridge},
	Series = {Encyclopedia of Mathematics and its Applications},
	Title = {Combinatorics, automata and number theory},
	Volume = {135},
	Year = {2010}}

@phdthesis{BM,
	Author = {Alexandre {Blondin~Mass\'e}},
	Institution = {Universit\'e du {Q}u\'ebec \`a {M}ontr\'eal},
	Optpagetotal = {71},
	Title = {Sur le d\'efaut palindromique des mots infinis},
	Type = {M\'emoire de ma\^itrise},
	Year = {2008}}

@inproceedings{bbflr08,
	Author = {Alexandre {Blondin~Mass{\'e}} and Sre\v{c}ko Brlek and Andrea Frosini and S{\'e}bastien Labb{\'e} and Simone Rinaldi},
	Booktitle = {5th IFIP International Conference On Theoretical Computer Science - TCS 2008, IFIP 20th World Computer Congress, TC 1, Foundations of Computer Science, September 7-10, 2008, Milano, Italy},
	Editor = {Giorgio Ausiello and Juhani Karhum{\"a}ki and Giancarlo Mauri and C.-H. Luke Ong},
	Pages = {101-114},
	Publisher = {Springer},
	Series = {IFIP},
	Title = {Reconstructing words from a fixed palindromic length sequence},
	Volume = {273},
	Year = {2008}}

@article{bbgl,
	Author = {Alexandre {Blondin~Mass{\'e}} and Sre\v{c}ko Brlek and Ariane Garon and S{\'e}bastien Labb{\'e}},
	Journal = {Pure Mathematics and Applications},
	Number = {2-3},
	Pages = {39-52},
	Title = {Combinatorial properties of $f$-palindromes in the Thue-Morse sequence},
	Volume = {19},
	Year = {2008}}

@article{BlBrGaLa,
	Author = {Alexandre {Blondin~Mass{\'e}} and Srecko Brlek and Ariane Garon and S{\'e}bastien Labb{\'e}},
	Journal = {Theoretical Computer Science},
	Number = {27},
	Pages = {2922-2930},
	Title = {Equations on palindromes and circular words},
	Volume = {412},
	Year = {2011}}

@inproceedings{gascom08,
	Author = {Alexandre {Blondin~Mass{\'e}} and Sre\v{c}ko Brlek and S{\'e}bastien Labb{\'e}},
	Booktitle = {Proceedings of GASCom 2008 (16-20 June 2008, Bibbiena, Arezzo-Italia)},
	Pages = {53-67},
	Title = {Palindromic lacunas of the {T}hue-{M}orse word},
	Year = {2008}}

@article{bblmf,
	Author = {Alexandre {Blondin~Mass{\'e}} and Sre\v{c}ko Brlek and S{\'e}bastien Labb{\'e} and Michel {Mend\`es~France}},
	Journal = {Fractals},
	Number = {03n04},
	Pages = {57-60},
	Title = {Complexity of the {F}ibonacci snowflake},
	Volume = {20},
	Year = {2012}}

@article{bgl,
	Author = {Alexandre {Blondin~Mass{\'e}} and Ariane Garon and S{\'e}bastien Labb{\'e}},
	Journal = {Theoretical Computer Science},
	Pages = {98-117},
	Title = {Combinatorial properties of double square tiles},
	Volume = {502},
	Year = {2013}}

@article{Tan,
	Author = {Tan, Bo},
	Journal = {Theoretical Computer Science},
	Number = {1-2},
	Pages = {118--124},
	Title = {Mirror substitutions and palindromic sequences},
	Volume = {389},
	Year = {2007}}

@article{MBM,
	Author = {Mireille {Bousquet-M\'elou}},
	Doi = {http://dx.doi.org/10.1016/j.jcta.2009.10.001},
	Issn = {0097-3165},
	Journal = {Journal of Combinatorial Theory, Series A},
	Number = {3},
	Pages = {313 - 344},
	Title = {Families of prudent self-avoiding walks},
	Url = {http://www.sciencedirect.com/science/article/pii/S0097316509001502},
	Volume = {117},
	Year = {2010},
	Bdsk-Url-1 = {http://www.sciencedirect.com/science/article/pii/S0097316509001502},
	Bdsk-Url-2 = {http://dx.doi.org/10.1016/j.jcta.2009.10.001}}

@article{achille,
	Author = {J.-P. Braquelaire and A. Vialard},
	Issue = {1},
	Journal = {Graphical Models and Image Processing},
	Pages = {16--43},
	Title = {Euclidean Paths: A New Representation of Boundary of Discrete Regions},
	Volume = {61},
	Year = {1999}}

@article{Br,
	Author = {Sre\v{c}ko Brlek},
	Journal = {Discrete Applied Mathematics},
	Number = {1-3},
	Pages = {83-96},
	Title = {Enumeration of factors in the Thue-Morse word},
	Volume = {24},
	Year = {1989}}

@article{bhnr,
	Author = {Sre\v{c}ko Brlek and Sylvie Hamel and Maurice Nivat and Christophe Reutenauer},
	Bibsource = {DBLP, http://dblp.uni-trier.de},
	Date-Modified = {2015-05-07 14:14:38 +0000},
	Ee = {http://dx.doi.org/10.1142/S012905410400242X},
	Journal = {International Journal on Foundation of Computer Science},
	Number = {2},
	Pages = {293-306},
	Title = {On The Palindromic Complexity Of Infinite Words},
	Volume = {15},
	Year = {2004}}

@article{BrJaPa,
	Author = {Sre\v{c}ko Brlek and Damien Jamet and Genevi{\`e}ve Paquin},
	Journal = {Theoretical Computer Science},
	Number = {1-3},
	Pages = {166--181},
	Title = {Smooth words on 2-letter alphabets having same parity},
	Volume = {393},
	Year = {2008}}

@inproceedings{BKPproc,
	Author = {Brlek, Sre\v{c}ko and Koskas, Michel and Proven\c{c}al, Xavier},
	Booktitle = {Discrete Geometry for Computer Imagery},
	Editor = {Brlek, Sre\v{c}ko and Reutenauer, Christophe and Proven\c{c}l, Xavier},
	Pages = {397-408},
	Publisher = {Springer Berlin / Heidelberg},
	Series = {Lecture Notes in Computer Science},
	Title = {A Linear Time and Space Algorithm for Detecting Path Intersection},
	Volume = {5810},
	Year = {2009}}

@article{BKP,
	Author = {Sre\v{c}ko Brlek and Michel Koskas and Xavier Proven\c{c}al},
	Journal = {Theoretical Computer Science},
	Number = {36},
	Pages = {4841-4850},
	Title = {A linear time and space algorithm for detecting path intersection in ${Z}^d$},
	Volume = {412},
	Year = {2011}}

@incollection{inertia,
	Author = {Brlek, Sre{\v c}ko and Labelle, Gilbert and Lacasse, Annie},
	Booktitle = {Discrete Geometry for Computer Imagery},
	Date-Added = {2013-10-25 12:40:08 +0000},
	Date-Modified = {2013-10-25 12:42:49 +0000},
	Doi = {10.1007/978-3-540-79126-3_27},
	Editor = {Coeurjolly, David and Sivignon, Isabelle and Tougne, Laure and Dupont, Florent},
	Isbn = {978-3-540-79125-6},
	Keywords = {Discrete sets; moment of inertia; polyominoes; lattice paths},
	Pages = {299-309},
	Publisher = {Springer Berlin Heidelberg},
	Series = {Lecture Notes in Computer Science},
	Title = {On Minimal Moment of Inertia Polyominoes},
	Url = {http://dx.doi.org/10.1007/978-3-540-79126-3_27},
	Volume = {4992},
	Year = {2008},
	Bdsk-Url-1 = {http://dx.doi.org/10.1007/978-3-540-79126-3_27}}

@inproceedings{bll2,
	Address = {Palermo, Italia},
	Author = {Sre\v{c}ko Brlek and Gilbert Labelle and Annie Lacasse},
	Booktitle = {Proceedings~DLT 2005, 9-th International Conference on Developments in Language Theory},
	Editor = {C. de Felice and A. Restivo},
	Month = {4--8~} # jul,
	Number = {3572},
	Pages = {189--198},
	Publisher = {Springer-Verlag},
	Series = {LNCS},
	Title = {A note on a result of {D}aurat and {N}ivat},
	Year = {2005}}

@inproceedings{blpdgci08,
	Author = {Sre\v{c}ko Brlek and Jacques-Olivier Lachaud and Xavier Proven\c{c}al},
	Booktitle = {Discrete Geometry for Computer Imagery, 14th International Conference, DGCI 2008, Lyon, France, April 16-18, 2008, Proceedings},
	Editor = {David Coeurjolly and Isabelle Sivignon and Laure Tougne and Florent Dupont},
	Pages = {57--68},
	Publisher = {Springer},
	Series = {Lecture Notes in Computer Science},
	Title = {Combinatorial view of digital convexity.},
	Volume = {4992},
	Year = {2008}}

@article{blpr09,
	Author = {Sre\v{c}ko Brlek and Jacques-Olivier Lachaud and Xavier Proven\c{c}al and Christophe Reutenauer},
	Date-Modified = {2015-05-07 14:16:12 +0000},
	Journal = {Pattern Recognition},
	Pages = {2239--2246},
	Title = {Lyndon+{C}hristoffel = digitally convex},
	Volume = {42},
	Year = {2009}}

@article{BrLa,
	Author = {Sre\v{c}ko Brlek and Annie Ladouceur},
	Journal = {Theoretical Computer Science},
	Number = {1-3},
	Pages = {167--178},
	Title = {A note on differentiable palindromes},
	Volume = {302},
	Year = {2003}}

@article{BrLaN,
	Author = {Sre\v{c}ko Brlek and Nadia Lafreni\`ere},
	Journal = {Fundamenta Informaticae},
	Number = {1-2},
	Pages = {59--72},
	Title = {Reconstructing words from a $\sigma$-palindromic language},
	Volume = {135},
	Year = {2014}}

@inproceedings{BrPr2,
	Address = {Prague, Czech Republic},
	Author = {Sre{\v{c}}ko Brlek and Xavier Proven{\c{c}}al},
	Bibsource = {http://www.stringology.org/event/2006/psc06p08.bib},
	Booktitle = {Proceedings of the {P}rague {S}tringology Conference~'06},
	Date-Modified = {2015-05-07 14:10:07 +0000},
	Editor = {Jan Holub and Jan {\v{Z}}{\v{d}}{\'{a}}rek},
	Month = {28--30~} # aug,
	Pages = {65--76},
	Publisher = {Czech Technical University in Prague},
	Series = {ISBN80-01-03533-6},
	Title = {On the problem of deciding if a polyomino tiles the plane by translation},
	Year = {2006}}

@inproceedings{BrPr1,
	Author = {Sre\v{c}ko Brlek and Xavier Proven\c{c}al},
	Booktitle = {Discrete Geometry for Computer Imagery, 13th International Conference, DGCI 2006, Szeged, Hungary, October 25-27, 2006, Proceedings},
	Date-Modified = {2015-05-07 14:10:00 +0000},
	Editor = {Attila Kuba and L{\'a}szl{\'o} G. Ny{\'u}l and K{\'a}lm{\'a}n Pal{\'a}gyi},
	Pages = {403--412},
	Publisher = {Springer},
	Series = {Lecture Notes in Computer Science},
	Title = {An Optimal Algorithm for Detecting Pseudo-squares},
	Volume = {4245},
	Year = {2006}}

@article{bfp,
	Author = {Sre\v{c}ko Brlek and Xavier Proven\c{c}al and Jean-Marc F\'edou},
	Journal = {Discrete Applied Mathematics},
	Pages = {464--475},
	Title = {On the Tiling by Translation Problem},
	Volume = {157},
	Year = {2009}}

@article{BrRe,
	Author = {Sre\v{c}ko Brlek and Christophe Reutenauer},
	Journal = {Theoretical Computer Science},
	Number = {4-5},
	Pages = {493--497},
	Title = {Complexity and palindromic defect of infinite words},
	Volume = {412},
	Year = {2011}}

@inproceedings{BTTW14,
	Author = {Srecko Brlek and Hugo Tremblay and J{\'{e}}r{\^{o}}me Tremblay and Romaine Weber},
	Booktitle = {Discrete Geometry for Computer Imagery - 18th {IAPR} International Conference, {DGCI} 2014, Siena, Italy, September 10-12, 2014. Proceedings},
	Publisher = {Springer},
	Series = {Lecture Notes in Computer Science},
	Title = {Efficient Computation of the Outer Hull of a Discrete Path},
	Volume = {8668},
	Year = {2014}}

@article{BuDlGlZa,
	Author = {Bucci, Michelangelo and De Luca, Alessandro and Glen, Amy and Zamboni, Luca Q.},
	Journal = {Advances in Applied Mathematics},
	Number = {1},
	Pages = {60--74},
	Title = {A connection between palindromic and factor complexity using return words},
	Volume = {42},
	Year = {2009}}

@article{CaLu2001,
	Author = {Arturo Carpi and Aldo de Luca},
	Journal = {Acta Informatica},
	Number = {8},
	Pages = {597-618},
	Title = {Periodic-like words, periodicity, and boxes},
	Volume = {37},
	Year = {2001}}

@book{clr,
	Address = {Cambridge, MA},
	Author = {Cormen, Thomas H. and Leiserson, Charles E. and Rivest, Ronald L.},
	Isbn = {0-262-03141-8},
	Mrclass = {68-01 (05-01 05C85 68Q25)},
	Mrnumber = {MR1066870 (91i:68001)},
	Mrreviewer = {Selim G. Akl},
	Pages = {xx+1028},
	Publisher = {MIT Press},
	Series = {The MIT Electrical Engineering and Computer Science Series},
	Title = {Introduction to algorithms},
	Year = {1990}}

@inproceedings{squaresInTree,
	Author = {Maxime Crochemore and Costas S. Iliopoulos and Tomasz Kociumaka and Marcin Kubica and Jakub Radoszewski and Wojciech Rytter and Wojciech Tyczynski and Tomasz Walen},
	Booktitle = {Combinatorial Pattern Matching - 23rd Annual Symposium, {CPM} 2012, Helsinki, Finland, July 3-5, 2012. Proceedings},
	Pages = {27--40},
	Title = {The Maximum Number of Squares in a Tree},
	Year = {2012}}

@book{CrHaLe,
	Author = {Crochemore, Maxime and Hancart, Christophe and Lecroq, Thierry},
	Note = {Translated from the 2001 French original},
	Pages = {viii+383},
	Publisher = {Cambridge University Press, Cambridge},
	Title = {Algorithms on strings},
	Year = {2007}}

@article{DZ,
	Author = {Damanik, David and Zare, Douglas},
	Journal = {Discrete Mathematics},
	Number = {1-3},
	Pages = {259--267},
	Title = {Palindrome complexity bounds for primitive substitution sequences},
	Volume = {222},
	Year = {2000}}

@inproceedings{dauniv,
	Address = {Palermo, Italia},
	Author = {A. Daurat and M. Nivat},
	Booktitle = {Proceedings~IWCIA'03, International Workshop on Combinatorial Image Analysis},
	Editor = {A. del Lungo and V. di Gesu and A. Kuba},
	Month = {14--16~} # may,
	Publisher = {Elsevier Science},
	Series = {Electronic Notes in Discrete Mathematics},
	Title = {Salient and Reentrant Points of Discrete Sets},
	Year = {2003}}

@article{deLuDeLu,
	Author = {Aldo {de Luca} and Alessandro {De Luca}},
	Journal = {Theoretical Computer Science},
	Number = {1-3},
	Pages = {282-300},
	Title = {Pseudopalindrome closure operators in free monoids},
	Volume = {362},
	Year = {2006}}

@article{deLu,
	Author = {Aldo {de Luca}},
	Journal = {Theoretical Computer Science},
	Number = {1},
	Pages = {45-82},
	Title = {Sturmian Words: Structure, Combinatorics, and Their Arithmetics},
	Volume = {183},
	Year = {1997}}

@article{deLuVa,
	Author = {Aldo {de Luca} and Stefano Varricchio},
	Journal = {Theoretical Computer Science},
	Number = {3},
	Pages = {333-348},
	Title = {Some Combinatorial Properties of the Thue-Morse Sequence and a Problem in Semigroups},
	Volume = {63},
	Year = {1989}}

@article{DeReEtAl,
	Author = {Debled-Rennesson, Isabelle and R{\'e}my, Jean-Luc and Rouyer-Degli, Jocelyne},
	Journal = {Discrete Applied Mathematics. The Journal of Combinatorial Algorithms, Informatics and Computational Sciences},
	Number = {1},
	Pages = {115--133},
	Title = {Detection of the discrete convexity of polyominoes},
	Volume = {125},
	Year = {2003}}

@article{DPV,
	Author = {Eric Domenjoud and Xavier Proven\c{c}al and Laurent Vuillon},
	Date = {date},
	Title = {Palindromic language of thin discrete planes},
	Year = {To appear}}

@article{DPV-DGCI14,
	Author = {Eric Domenjoud and Xavier Proven\c{c}al and Laurent Vuillon},
	Date = {Septembre 2014},
	Journal = {Proceedings of the 17-th International Conference Discrete Geometry for Computer Imagery (DGCI 2014)},
	Pages = {1--12},
	Series = {Lecture Notes in Computer Science},
	Title = {Facet Connectedness of Discrete Hyperplanes with Zero Intercept: The General Case},
	Venue = {Sienne (Italie)},
	Volume = {8668},
	Year = {2014}}

@article{DV12,
	Author = {Domenjoud, Eric and Vuillon, Laurent},
	Journal = {Uniform Distribution Theory},
	Number = {2},
	Pages = {109--140},
	Title = {Geometric palindromic closure},
	Volume = {7},
	Year = {2012}}

@article{DrJuPi,
	Author = {Xavier Droubay and Jacques Justin and Giuseppe Pirillo},
	Journal = {Theoretical Computer Science},
	Number = {1-2},
	Pages = {539-553},
	Title = {Episturmian words and some constructions of de {L}uca and {R}auzy},
	Volume = {255},
	Year = {2001}}

@article{DuFlLoSc,
	Author = {Philippe Duchon and Philippe Flajolet and Guy Louchard and Gilles Schaeffer},
	Journal = {Combinatorics, Probability {\&} Computing},
	Number = {4-5},
	Pages = {577-625},
	Title = {Boltzmann Samplers for the Random Generation of Combinatorial Structures},
	Volume = {13},
	Year = {2004}}

@article{ET,
	Author = {Erd{\"o}s, Paul and Tur{\'a}n, P\'al},
	Issn = {0024-6107},
	Journal = {Journal of the London Mathematical Society. Second Series},
	Mrclass = {10.0X},
	Mrnumber = {0006197 (3,270e)},
	Mrreviewer = {B. W. Jones},
	Pages = {212--215},
	Title = {On a problem of {S}idon in additive number theory, and on some related problems},
	Volume = {16},
	Year = {1941}}

@article{finkel,
	Author = {Raphael Finkel and J.L. Bentley},
	Journal = {Acta Informatica},
	Pages = {1--9},
	Title = {Quad Trees: A Data Structure for Retrieval on Composite Keys},
	Volume = {4(1)},
	Year = {1974}}

@incollection{fischerheun,
	Author = {Fischer, Johannes and Heun, Volker},
	Booktitle = {Combinatorial pattern matching},
	Doi = {10.1007/11780441_5},
	Mrclass = {68P10 (68P05 68W05)},
	Mrnumber = {2272946},
	Pages = {36--48},
	Publisher = {Springer, Berlin},
	Series = {Lecture Notes in Computer Science},
	Title = {Theoretical and practical improvements on the {RMQ}-problem, with applications to {LCA} and {LCE}},
	Url = {http://dx.doi.org/10.1007/11780441_5},
	Volume = {4009},
	Year = {2006},
	Bdsk-Url-1 = {http://dx.doi.org/10.1007/11780441_5}}

@book{Fogg,
	Author = {N. Pytheas Fogg},
	Note = {(V. Berth{\'e}, S. Ferenczi, C. Mauduit, A. Siegel, editors)},
	Publisher = {Springer},
	Series = {Lecture Notes in Mathematics},
	Title = {Substitutions in Dynamics, Arithmetics and Combinatorics},
	Volume = {1794},
	Year = {2002}}

@article{FGLT,
	Author = {J{\'{e}}r{\^{o}}me Fortier and Alain Goupil and Jonathan Lortie and J{\'{e}}r{\^{o}}me Tremblay},
	Date-Modified = {2016-01-12 22:08:37 +0000},
	Journal = {Theoretical Computer Science},
	Pages = {76--87},
	Title = {Exhaustive generation of gominoes},
	Volume = {502},
	Year = {2013}}

@inproceedings{freeman2,
	Author = {H. Freeman},
	Booktitle = {Picture Processing and Psychopictorics},
	Editor = {B.S. Lipkin and A. Rosenfeld},
	Pages = {241--266},
	Publisher = {Academic Press, New York},
	Title = {Boundary encoding and processing},
	Year = {1970}}

@article{freeman1,
	Author = {H. Freeman},
	Journal = {IRE Trans. Electronic Computer},
	Pages = {260--268},
	Title = {On the Encoding of Arbitrary Geometric Configurations},
	Volume = {10},
	Year = {1961}}

@article{GJ,
	Author = {Glen, Amy and Justin, Jacques},
	Issn = {0988-3754},
	Journal = {Theoretical Informatics and Applications. Informatique Th\'eorique et Applications},
	Number = {3},
	Pages = {403--442},
	Title = {Episturmian words: a survey},
	Volume = {43},
	Year = {2009}}

@article{GlJuWiZa,
	Author = {Amy Glen and Jacques Justin and Steve Widmer and Luca Q. Zamboni},
	Journal = {European Journal of Combinatorics},
	Number = {2},
	Pages = {510-531},
	Title = {Palindromic richness},
	Volume = {30},
	Year = {2009}}

@book{Go,
	Address = {Princeton},
	Author = {S. W. Golomb},
	Publisher = {Princeton Academic Press},
	Title = {Polyominoes: Puzzles, Patterns, Problems, and Packings},
	Year = {1996}}

@article{dbintr39,
	Author = {S. W. Golomb},
	Issue = {10},
	Journal = {Amer. Math. Monthly},
	Pages = {675--682},
	Title = {Checker boards and polyominoes},
	Volume = {61},
	Year = {1954}}

@misc{Gowers,
	Author = {Timothy Gowers},
	Date = {July 13th, 2012},
	Title = {What are dense {S}idon subsets of $\{1,2, \ldots, n\}$ like?},
	Url = {gowers.wordpress.com/2012/07/13/what-are-dense-sidon-subsets-of-12-n-like/},
	Year = {2012},
	Bdsk-Url-1 = {gowers.wordpress.com/2012/07/13/what-are-dense-sidon-subsets-of-12-n-like/}}

@article{GroultPrieurRichomme,
	Author = {Groult, Richard and Prieur, {\'E}lise and Richomme, Gw{\'e}na{\"e}l},
	Coden = {IFPLAT},
	Doi = {10.1016/j.ipl.2010.07.018},
	Fjournal = {Information Processing Letters},
	Issn = {0020-0190},
	Journal = {Inform. Process. Lett.},
	Mrclass = {68R15 (05A05)},
	Mrnumber = {2682994 (2011g:68214)},
	Number = {20},
	Pages = {908--912},
	Title = {Counting distinct palindromes in a word in linear time},
	Url = {http://dx.doi.org/10.1016/j.ipl.2010.07.018},
	Volume = {110},
	Year = {2010},
	Bdsk-Url-1 = {http://dx.doi.org/10.1016/j.ipl.2010.07.018}}

@article{Gu,
	Author = {Y. Gurevich and I. Koriakov},
	Journal = {Siberian Journal of Mathematics},
	Note = {(in Russian)},
	Pages = {459--463},
	Title = {A remark on {B}erger's paper on the domino problem},
	Volume = {13},
	Year = {1972}}

@book{gus2,
	Address = {Cambridge (UK)},
	Author = {Dan Gusfield},
	Publisher = {Cambridge University Press},
	Title = {Algorithms on Strings, Trees and Sequences},
	Year = {1997}}

@incollection{Gusfield,
	Author = {Dan Gusfield},
	Booktitle = {Algorithms on Strings, Trees, and Sequences: Computer Science and Computational Biology},
	Pages = {197-199},
	Publisher = {Cambridge University Press},
	Title = {Finding all maximal palindromes in linear time},
	Year = {1997}}

@article{gus1,
	Author = {Dan Gusfield and J. Stoye},
	Journal = {Journal of Computer and System Sciences},
	Pages = {525--546},
	Title = {Linear time algorithms for finding and representing all the tandem repeats in a string},
	Volume = {69},
	Year = {2004}}

@article{GuCo,
	Author = {Guttmann, Anthony J. and Conway, Andrew R.},
	Doi = {10.1007/PL00013842},
	Issn = {0218-0006},
	Journal = {Annals of Combinatorics},
	Keywords = {Keywords: enumeration, self-avoiding walks, polygons},
	Language = {English},
	Number = {3-4},
	Pages = {319-345},
	Publisher = {Birkh{\"a}user Verlag},
	Title = {Square Lattice Self-Avoiding Walks and Polygons},
	Volume = {5},
	Year = {2001},
	Bdsk-Url-1 = {http://dx.doi.org/10.1007/PL00013842}}

@article{hks,
	Author = {Hof, Albert and Knill, Oliver and Simon, Barry},
	Journal = {Communications in Mathematical Physics},
	Number = {1},
	Pages = {149--159},
	Publisher = {Springer},
	Title = {Singular continuous spectrum for palindromic {S}chr{\"o}dinger operators},
	Volume = {174},
	Year = {1995}}

@inproceedings{HuKaKo1,
	Author = {Salah Hussini and Lila Kari and Stavros Konstantinidis},
	Booktitle = {Proceedings 7th International Workshop on {DNA}-Based Computers},
	Editor = {N.~Jonoska and N.~Seeman},
	Pages = {57-69},
	Publisher = {Springer},
	Series = {Lecture Notes in Computer Science},
	Title = {Coding Properties of {DNA} Languages},
	Volume = {LNCS 2340},
	Year = {2002}}

@article{HuKaKo2,
	Author = {Salah Hussini and Lila Kari and Stavros Konstantinidis},
	Journal = {Theoretical Computer Science},
	Number = {3},
	Pages = {1557-1579},
	Title = {Coding properties of {DNA} languages},
	Volume = {290},
	Year = {2003}}

@inproceedings{Il,
	Address = {Montreal, Canada},
	Author = {L. Ilie},
	Booktitle = {Proceedings~Words2005, 5-th International Conference on Words},
	Editor = {S. Brlek and C. Reutenauer},
	Month = {13--17~} # sep,
	Pages = {289--294},
	Publisher = {Publications du LaCIM},
	Title = {A note on the number of distinct squares in a word},
	Volume = {36},
	Year = {2005}}

@techreport{Jeuring,
	Address = {Utrecht, Netherlands},
	Author = {Johan Jeuring},
	Institution = {Department of Information and Computing Science, Utrecht University},
	Number = {UU-CS-2013-016},
	Title = {Finding palindromes: variants and algorithms},
	Year = {2013}}

@inproceedings{KaKiTh,
	Author = {Lila Kari and Rob Kitto and Gabriel Thierrin},
	Booktitle = {Formal and Natural Computing},
	Editor = {Wilfried Brauer and Hartmut Ehrig and Juhani Karhum{\"a}ki and Arto Salomaa},
	Pages = {376-393},
	Publisher = {Springer},
	Series = {Lecture Notes in Computer Science},
	Title = {Codes, Involutions, and {DNA} Encodings},
	Volume = {LNCS 2300},
	Year = {2002}}

@article{KaMa,
	Author = {Lila Kari and Kalpana Mahalingam},
	Journal = {Natural Computing},
	Number = {2},
	Pages = {297-316},
	Title = {Watson-Crick palindromes in {DNA} computing},
	Volume = {9},
	Year = {2010}}

@article{KlRo,
	Author = {Reinhard Klette and Azriel Rosenfeld},
	Journal = {Discrete Applied Mathematics},
	Number = {1-3},
	Pages = {197 - 230},
	Title = {Digital straightness -- a review},
	Volume = {139},
	Year = {2004}}

@book{knuth3,
	Address = {Reading, Massachusetts},
	Author = {Donald E. Knuth},
	Isbn = {0-201-89685-0},
	Publisher = {Addison-Wesley},
	Title = {The Art of Computer Programming, Volume 3: Sorting and Searching},
	Year = {1998}}

@article{koskas2,
	Author = {Michel Koskas},
	Journal = {Annales du Lamsade},
	Pages = {307--332},
	Title = {Shortest Paths on Unweighted Graphs},
	Volume = {4-5},
	Year = {2005}}

@article{koskas1,
	Author = {Michel Koskas},
	Journal = {Annales du Lamsade},
	Pages = {277--317},
	Title = {A Hierarchical Data Base Management Algorithm},
	Volume = {2},
	Year = {2004}}

@article{KM,
	Author = {Kraaikamp, Cor and Meester, Ronald},
	Journal = {Ergodic Theory and Dynamical Systems},
	Number = {4},
	Pages = {653--661},
	Title = {Ergodic properties of a dynamical system arising from percolation theory},
	Volume = {15},
	Year = {1995}}

@article{LR,
	Author = {S\'ebastien Labb\'e and Christophe Reutenauer},
	Journal = {Discrete \& Computational Geometry},
	Note = {Preprint : \url{http://arxiv.org/abs/1404.4021}},
	Title = {A $d$-dimensional extension of {C}hristoffel words},
	Year = {2015}}

@article{LeRaRo,
	Author = {Pierre Leroux and Etienne Rassart and Ariane Robitaille},
	Issn = {0196-8858},
	Journal = {Advances in Applied Mathematics},
	Number = {3},
	Pages = {343 - 380},
	Title = {Enumeration of Symmetry Classes of Convex Polyominoes in the Square Lattice},
	Volume = {21},
	Year = {1998}}

@book{lothaire3,
	Address = {Cambridge},
	Author = {M. Lothaire},
	Publisher = {Cambridge University Press},
	Title = {Applied Combinatorics on Words},
	Year = {2005}}

@book{lothaire2,
	Address = {Cambridge},
	Author = {M. Lothaire},
	Publisher = {Cambridge University Press},
	Title = {Algebraic Combinatorics on Words},
	Year = {2002}}

@book{lothaire1,
	Address = {Cambridge},
	Author = {M. Lothaire},
	Publisher = {Cambridge University Press},
	Title = {Combinatorics on Words},
	Year = {1997}}

@book{ML,
	Address = {Cambridge},
	Author = {B. Marcus and D. Lind},
	Publisher = {Cambridge University Press},
	Title = {An Introduction to {S}ymbolic {D}ynamics and {C}oding},
	Year = {1995}}

@article{MoHe,
	Author = {Marsten Morse and Gustav A. Hedlund},
	Journal = {American Journal of Mathematics},
	Pages = {815-866},
	Title = {Symbolic Dynamics},
	Volume = {60},
	Year = {1938}}

@incollection{pansiot,
	Author = {Pansiot, Jean-Jacques},
	Booktitle = {Automata, languages and programming ({A}ntwerp, 1984)},
	Pages = {380--389},
	Publisher = {Springer, Berlin},
	Series = {Lecture Notes in Computer Science},
	Title = {Complexit\'e des facteurs des mots infinis engendr\'es par morphismes it\'er\'es},
	Volume = {172},
	Year = {1984}}

@phdthesis{thesexavier,
	Author = {Xavier Proven\c{c}al},
	School = {D1715, Universit\'e du Qu\'ebec \`a Montr\'eal},
	Title = {Combinatoire des mots, g\'eom\'etrie discr\`ete et pavages},
	Year = {2008}}

@incollection{MR750326,
	Author = {Rauzy, G{\'e}rard},
	Booktitle = {Seminar on number theory, 1982--1983 ({T}alence, 1982/1983)},
	Mrclass = {11K31 (05A99 54H20)},
	Mrnumber = {750326 (85j:11088)},
	Mrreviewer = {Pierre Michel},
	Pages = {Exp. No. 25, 16},
	Publisher = {Univ. Bordeaux I, Talence},
	Title = {Suites \`a termes dans un alphabet fini},
	Year = {1983}}

@book{Stanley,
	Author = {Stanley, Richard P.},
	Edition = {Second},
	Isbn = {978-1-107-60262-5},
	Mrclass = {05-02 (05A15 06-02)},
	Mrnumber = {2868112},
	Pages = {xiv+626},
	Publisher = {Cambridge University Press, Cambridge},
	Series = {Cambridge Studies in Advanced Mathematics},
	Title = {Enumerative combinatorics. {V}olume 1},
	Volume = {49},
	Year = {2012}}

@article{Rowland,
	Author = {Rowland, Eric S.},
	Coden = {JCBTA7},
	Issn = {0097-3165},
	Journal = {Journal of Combinatorial Theory. Series A},
	Mrclass = {05C30 (05A15 05C05)},
	Number = {6},
	Pages = {741--758},
	Pjournal = {J. Combin. Theory Ser. A},
	Title = {Pattern avoidance in binary trees},
	Volume = {117},
	Year = {2010}}

@article{Sta,
	Author = {\v{S}t\v{e}p\'an Starosta},
	Journal = {Theoretical Computer Science},
	Pages = {1111-1121},
	Title = {On Theta-palindromic Richness},
	Volume = {412},
	Year = {2011}}

@article{We,
	Author = {E. Weisstein},
	Journal = {Available electronically at http://mathworld.wolfram.com/Polyomino.html},
	Title = {Polyomino, from {W}olfram {M}athworld},
	Year = {2006}}

@article{Wi,
	Author = {H. A. G. Wijshoff and J. van Leeuven},
	Journal = {Information and Control},
	Pages = {1--25},
	Title = {Arbitrary versus periodic storage schemes and tesselations of the plane using one type of polyomino},
	Volume = {62},
	Year = {1984}}

@article{Sidon1932,
	Author = {Sidon, S.},
	Coden = {MAANA},
	Doi = {10.1007/BF01455900},
	Fjournal = {Mathematische Annalen},
	Issn = {0025-5831},
	Journal = {Math. Ann.},
	Mrclass = {Contributed Item},
	Mrnumber = {1512772},
	Number = {1},
	Pages = {536--539},
	Title = {Ein {S}atz \"uber trigonometrische {P}olynome und seine {A}nwendung in der {T}heorie der {F}ourier-{R}eihen},
	Volume = {106},
	Year = {1932},
	Bdsk-Url-1 = {http://dx.doi.org/10.1007/BF01455900}}

@article{Winslow15,
	Author = {Andrew Winslow},
	Bibsource = {dblp computer science bibliography, http://dblp.org},
	Biburl = {http://dblp.uni-trier.de/rec/bib/journals/corr/Winslow15},
	Journal = {CoRR},
	Timestamp = {Sat, 02 May 2015 17:50:32 +0200},
	Title = {An Optimal Algorithm for Tiling the Plane with a Translated Polyomino},
	Url = {http://arxiv.org/abs/1504.07883},
	Volume = {abs/1504.07883},
	Year = {2015},
	Bdsk-Url-1 = {http://arxiv.org/abs/1504.07883}}
